@article{wainer2007,
  title = {The {{Most Dangerous Equation}}},
  author = {Wainer, Howard},
  year = {2007},
  journal = {American Scientist},
  volume = {95},
  number = {3},
  pages = {249},
  doi = {10.1511/2007.65.249},
  urldate = {2023-08-15},
  abstract = {Ignorance of how sample size affects statistical variation has created havoc for nearly a millennium},
  langid = {english},
  file = {C:\Users\lanning\Zotero\storage\W2SF3X26\Wainer - 2007 - The Most Dangerous Equation.pdf}
}
