
@book{james2013,
	title = {An Introduction to Statistical Learning},
	author = {{James}, {Gareth} and {Witten}, {Daniela} and {Hastie}, {Trevor} and {Tibshirani}, {Robert}},
	year = {2013},
	date = {2013},
	publisher = {Springer New York},
	series = {Springer Texts in Statistics},
	volume = {103},
	doi = {10.1007/978-1-4614-7138-7},
	note = {DOI: 10.1007/978-1-4614-7138-7},
	address = {New York, NY},
	langid = {English}
}
@article{loevinger1957,
	title = {Objective {Tests} as {Instruments} of {Psychological} {Theory}},
	volume = {3},
	issn = {0033-2941},
	url = {https://doi.org/10.2466/pr0.1957.3.3.635},
	doi = {10/b27jpk},
	language = {en},
	number = {3},
	urldate = {2020-12-31},
	journal = {Psychological Reports},
	author = {Loevinger, Jane},
	month = jun,
	year = {1957},
	note = {Publisher: SAGE Publications Inc},
	keywords = {DSLA},
	pages = {635--694},
	file = {Loevinger - 1957 - Objective Tests as Instruments of Psychological Th.pdf:C\:\\Users\\the_l\\OneDrive - Florida Atlantic University\\Zotero\\storage\\6VGZUALM\\Loevinger - 1957 - Objective Tests as Instruments of Psychological Th.pdf:application/pdf},
}

@article{lanning1994,
	title = {Dimensionality of observer ratings on the California Adult Q-set.},
	author = {{Lanning}, {Kevin}},
	year = {1994},
	date = {1994},
	journal = {Journal of personality and social psychology},
	pages = {151},
	volume = {67},
	number = {1},
	note = {Publisher: American Psychological Association}
}
