
@unpublished{lanning2018,
	title = {Data visualizations in personality and social psychology: Challenges in representing taxonomic, community, and developmental structures.},
	author = {{Lanning}, {Kevin}},
	year = {2018},
	date = {2018},
	note = {Publication title: Association of psychological science annual convention, san francisco, may 25.}
}
